@article{FAMA19933,
title = {Common risk factors in the returns on stocks and bonds},
journal = {Journal of Financial Economics},
volume = {33},
number = {1},
pages = {3-56},
year = {1993},
issn = {0304-405X},
doi = {https://doi.org/10.1016/0304-405X(93)90023-5},
url = {https://www.sciencedirect.com/science/article/pii/0304405X93900235},
author = {Eugene F. Fama and Kenneth R. French},

}
@article{hochreiter1997lstm,
    author = {Hochreiter, Sepp and Schmidhuber, Jürgen},
    title = {Long Short-Term Memory},
    journal = {Neural Computation},
    volume = {9},
    number = {8},
    pages = {1735-1780},
    year = {1997},
    month = {11},
    
    issn = {0899-7667},
    doi = {10.1162/neco.1997.9.8.1735},
    url = {https://doi.org/10.1162/neco.1997.9.8.1735},
    eprint = {https://direct.mit.edu/neco/article-pdf/9/8/1735/813796/neco.1997.9.8.1735.pdf},
}
@article{10.1016/j.cor.2004.03.016,
author = {Huang, Wei and Nakamori, Yoshiteru and Wang, Shou-Yang},
title = {Forecasting stock market movement direction with support vector machine},
year = {2005},
issue_date = {October 2005},
publisher = {Elsevier Science Ltd.},
address = {GBR},
volume = {32},
number = {10},
issn = {0305-0548},
url = {https://doi.org/10.1016/j.cor.2004.03.016},
doi = {10.1016/j.cor.2004.03.016},

journal = {Comput. Oper. Res.},
month = oct,
pages = {2513–2522},
numpages = {10},
keywords = {Forecasting, Multivariate classification, Support vector machine}
}
@article{TETLOCK2007,
author = {TETLOCK, PAUL C.},
title = {Giving Content to Investor Sentiment: The Role of Media in the Stock Market},
journal = {The Journal of Finance},
volume = {62},
number = {3},
pages = {1139-1168},
doi = {https://doi.org/10.1111/j.1540-6261.2007.01232.x},
url = {https://onlinelibrary.wiley.com/doi/abs/10.1111/j.1540-6261.2007.01232.x},
eprint = {https://onlinelibrary.wiley.com/doi/pdf/10.1111/j.1540-6261.2007.01232.x},

year = {2007}
}
@book{Box2015,
  author    = {George E. P. Box and Gwilym M. Jenkins and Gregory C. Reinsel and Greta M. Ljung},
  title     = {Time Series Analysis: Forecasting and Control},
  edition   = {5},
  publisher = {Wiley},
  year      = {2015},
  isbn      = {978-1-118-67502-1}
}
@article{BOLLERSLEV1986307,
title = {Generalized autoregressive conditional heteroskedasticity},
journal = {Journal of Econometrics},
volume = {31},
number = {3},
pages = {307-327},
year = {1986},
issn = {0304-4076},
doi = {https://doi.org/10.1016/0304-4076(86)90063-1},
url = {https://www.sciencedirect.com/science/article/pii/0304407686900631},
author = {Tim Bollerslev},

}
@article{6ab571e5-c8f0-3fcd-9005-ed6f2adc76d7,
 ISSN = {00129682, 14680262},
 URL = {http://www.jstor.org/stable/1912773},
 author = {Robert F. Engle},
 journal = {Econometrica},
 number = {4},
 pages = {987--1007},
 publisher = {[Wiley, Econometric Society]},
 title = {Autoregressive Conditional Heteroscedasticity with Estimates of the Variance of United Kingdom Inflation},
 urldate = {2025-04-10},
 volume = {50},
 year = {1982}
}
@article{DBLP:journals/corr/abs-1810-04805,
  author       = {Jacob Devlin and
                  Ming{-}Wei Chang and
                  Kenton Lee and
                  Kristina Toutanova},
  title        = {{BERT:} Pre-training of Deep Bidirectional Transformers for Language
                  Understanding},
  journal      = {CoRR},
  volume       = {abs/1810.04805},
  year         = {2018},
  url          = {http://arxiv.org/abs/1810.04805},
  eprinttype    = {arXiv},
  eprint       = {1810.04805},
  timestamp    = {Tue, 30 Oct 2018 20:39:56 +0100},
  biburl       = {https://dblp.org/rec/journals/corr/abs-1810-04805.bib},
  bibsource    = {dblp computer science bibliography, https://dblp.org}
}
@inproceedings{vaswani2017attention,
  title     = {Attention Is All You Need},
  author    = {Vaswani, Ashish and Shazeer, Noam and Parmar, Niki and Uszkoreit, Jakob and Jones, Llion and Gomez, Aidan N. and Kaiser, {\L}ukasz and Polosukhin, Illia},
  booktitle = {Advances in Neural Information Processing Systems (NeurIPS)},
  year      = {2017},
  pages     = {5998--6008},
  url       = {https://arxiv.org/abs/1706.03762}
}
@article{DBLP:journals/corr/abs-2006-08097,
  author       = {Yi Yang and
                  Mark Christopher Siy Uy and
                  Allen Huang},
  title        = {FinBERT: {A} Pretrained Language Model for Financial Communications},
  journal      = {CoRR},
  volume       = {abs/2006.08097},
  year         = {2020},
  url          = {https://arxiv.org/abs/2006.08097},
  eprinttype    = {arXiv},
  eprint       = {2006.08097},
  timestamp    = {Mon, 05 Feb 2024 12:16:33 +0100},
  biburl       = {https://dblp.org/rec/journals/corr/abs-2006-08097.bib},
  bibsource    = {dblp computer science bibliography, https://dblp.org}
}
@article{DBLP:journals/corr/abs-1908-10063,
  author       = {Dogu Araci},
  title        = {FinBERT: Financial Sentiment Analysis with Pre-trained Language Models},
  journal      = {CoRR},
  volume       = {abs/1908.10063},
  year         = {2019},
  url          = {http://arxiv.org/abs/1908.10063},
  eprinttype    = {arXiv},
  eprint       = {1908.10063},
  timestamp    = {Thu, 29 Aug 2019 16:32:34 +0200},
  biburl       = {https://dblp.org/rec/journals/corr/abs-1908-10063.bib},
  bibsource    = {dblp computer science bibliography, https://dblp.org}
}
@inproceedings{xu-cohen-2018-stock,
    title = "Stock Movement Prediction from Tweets and Historical Prices",
    author = "Xu, Yumo  and
      Cohen, Shay B.",
    editor = "Gurevych, Iryna  and
      Miyao, Yusuke",
    booktitle = "Proceedings of the 56th Annual Meeting of the Association for Computational Linguistics (Volume 1: Long Papers)",
    month = jul,
    year = "2018",
    address = "Melbourne, Australia",
    publisher = "Association for Computational Linguistics",
    url = "https://aclanthology.org/P18-1183/",
    doi = "10.18653/v1/P18-1183",
    pages = "1970--1979",
    
}
@inproceedings{lavrenko2000mining,
  author    = {Victor Lavrenko and Michael Schmill and David Lawrie and Paul Ogilvie and David Jensen and James Allan},
  title     = {Mining of Concurrent Text and Time Series},
  booktitle = {KDD-2000 Workshop on Text Mining},
  year      = {2000},
  pages     = {37--44},
  url       = {https://www.cs.cmu.edu/~dunja/KDDpapers/Lavrenko_TM.pdf}
}
@article{cavalcante2016computational,
  title     = {Computational intelligence and financial markets: A survey and future directions},
  author    = {Cavalcante, R. C. and Brasileiro, R. C. and Souza, V. L. F. and Nobrega, J. P. and Oliveira, A. L. I.},
  journal   = {Expert Systems with Applications},
  volume    = {55},
  pages     = {194--211},
  year      = {2016},
  publisher = {Elsevier},
  url       = {https://www.sciencedirect.com/science/article/abs/pii/S095741741630029X},
  doi       = {10.1016/j.eswa.2016.02.045}
}
@article{zhang2019deeplob,
  title     = {DeepLOB: Deep Convolutional Neural Networks for Limit Order Books},
  author    = {Zhang, Zihao and Zohren, Stefan and Roberts, Stephen},
  journal   = {IEEE Transactions on Signal Processing},
  volume    = {67},
  number    = {11},
  pages     = {3001--3012},
  year      = {2019},
  publisher = {IEEE},
  doi       = {10.1109/TSP.2019.2908666},
  url       = {https://arxiv.org/pdf/1808.03668}
}
@book{kovalerchuk2006data,
  title     = {Data Mining in Finance: Advances in Relational and Hybrid Methods},
  author    = {Kovalerchuk, Alexander H. and Vityaev, Evgenii V.},
  publisher = {Springer Science \& Business Media},
  year      = {2006},
  isbn      = {9781475773326},
  url       = {https://www.amazon.com/Data-Mining-Finance-International-Engineering/dp/1475773323}
}



